@article{CellML,
	Author = {A Garny and DP Nickerson and J Cooper and R Weber dos Santos and AK Miller and S McKeever and PM Nielsen and PJ Hunter},
	Journal = {Philos. Transact. A: Math Phys Eng Sci},
	Month = {September},
	Number = {1878},
	Pages = {3017--43},
	Title = {CellML and associated tools and techniques},
	Volume = {366},
	Year = {2008}}

@incollection{SBML,
	Author = {Finney, Andrew and Hucka, Michael and Bornstein, Benjamin J. and Keating, Sarah M. and Shapiro, Bruce M. and Matthews, Joanne and Kovitz, Benjamin K. and Schilstra, Maria J. and Funahashi, Akira and Doyle, John and Kitano, Hiroaki},
	Booktitle = {System Modeling in Cell Biology: From Concepts to Nuts and Bolts},
	Editor = {Zoltan Szallasi and J{\"o}rg Stelling and Vipul Periwal},
	Publisher = {MIT Press},
	Title = {Software Infrastructure for Effective Communication and Reuse of Computational Models},
	Year = {2006}}

@misc{matlab,
year = {2015},
author = {MathWorks},
title = {MATLAB},
publisher = {The MathWorks Inc.},
address = {Natick, Massachusetts}
}
